@inproceedings{aumasson2018improving,
  title={Improving stateless hash-based signatures},
  author={Aumasson, Jean-Philippe and Endignoux, Guillaume},
  booktitle={Cryptographers’ Track at the RSA Conference},
  pages={219--242},
  year={2018},
  organization={Springer}
}
@inproceedings{chaidos2024mithril,
  title={Mithril: Stake-based threshold multisignatures},
  author={Chaidos, Pyrros and Kiayias, Aggelos},
  booktitle={International Conference on Cryptology and Network Security},
  pages={239--263},
  year={2024},
  organization={Springer}
}
@inproceedings{srinivasan2022batching,
  title={Batching, aggregation, and zero-knowledge proofs in bilinear accumulators},
  author={Srinivasan, Shravan and Karantaidou, Ioanna and Baldimtsi, Foteini and Papamanthou, Charalampos},
  booktitle={Proceedings of the 2022 ACM SIGSAC Conference on Computer and Communications Security},
  pages={2719--2733},
  year={2022}
}
@inproceedings{nguyen2005accumulators,
  title={Accumulators from bilinear pairings and applications},
  author={Nguyen, Lan},
  booktitle={Topics in Cryptology--CT-RSA 2005: The Cryptographers’ Track at the RSA Conference 2005, San Francisco, CA, USA, February 14-18, 2005. Proceedings},
  pages={275--292},
  year={2005},
  organization={Springer}
}